@book{adams1995hitchhiker,
  title={The Hitchhiker's Guide to the Galaxy},
  author={Adams, D.},
  isbn={9781417642595},
  url={http://books.google.com/books?id=W-xMPgAACAAJ},
  year={1995},
  publisher={San Val}
}
@misc{robomicro,
  title={Microcontrollers and Robotics},
  author={Aalmeida},
  howpublished={\url{http://home.roboticlab.eu/en/microcontrollers}},
  note={Accessed November 2018}
}
@article{microburg,
    title = "A Microcontroller Based Intrusion Detection System",
    author = "Ewunonu Toochi, Okwe Gerald Ibe, Iwuchukwu U.C,Uzuegbu C.J",
    year = "2014",
    journal = "Journal of Engineering Research and Applications",
    volume = "4",
    pages = "69-79"
    
}

% A Microcontroller Based Intrusion Detection System

